@misc{bentov2016sleepy,
    author = {Iddo Bentov and Rafael Pass and Elaine Shi},
    title = {The Sleepy Model of Consensus},
    howpublished = {Cryptology ePrint Archive, Report 2016/918},
    year = {2016},
    note = {\url{http://eprint.iacr.org/2016/918}},
}

@inproceedings{castro1999practical,
  title={Practical Byzantine fault tolerance},
  author={Castro, Miguel and Liskov, Barbara and others},
  booktitle={OSDI},
  volume={99},
  pages={173--186},
  year={1999}
}

@inproceedings{vukolic2015quest,
  title={The quest for scalable blockchain fabric: Proof-of-work vs. BFT replication},
  author={Vukoli{\'c}, Marko},
  booktitle={International Workshop on Open Problems in Network Security},
  pages={112--125},
  year={2015},
  organization={Springer}
}

@inproceedings{miller2016honey,
  title={The honey badger of BFT protocols},
  author={Miller, Andrew and Xia, Yu and Croman, Kyle and Shi, Elaine and Song, Dawn},
  booktitle={Proceedings of the 2016 ACM SIGSAC Conference on Computer and Communications Security},
  pages={31--42},
  year={2016},
  organization={ACM}
}

@inproceedings{cachin2001secure,
  title={Secure and efficient asynchronous broadcast protocols},
  author={Cachin, Christian and Kursawe, Klaus and Petzold, Frank and Shoup, Victor},
  booktitle={Annual International Cryptology Conference},
  pages={524--541},
  year={2001},
  organization={Springer}
}

@article{baird2016swirlds,
  title={THE SWIRLDS HASHGRAPH CONSENSUS ALGORITHM: FAIR, FAST, BYZANTINE FAULT TOLERANCE},
  author={BAIRD, LEEMON},
  year={2016}
}

@ARTICLE{skala2013hypergeometric,
   author = {{Skala}, M.},
    title = "{Hypergeometric tail inequalities: ending the insanity}",
  journal = {ArXiv e-prints},
archivePrefix = "arXiv",
   eprint = {1311.5939},
 primaryClass = "math.PR",
 keywords = {Mathematics - Probability, Statistics - Other Statistics, 60-01},
     year = 2013,
    month = nov,
   adsurl = {http://adsabs.harvard.edu/abs/2013arXiv1311.5939S},
  adsnote = {Provided by the SAO/NASA Astrophysics Data System}
}
