@article{youyou2015computer,
  title={Computer-based personality judgments are more accurate than those made by humans},
  author={Youyou, Wu and Kosinski, Michal and Stillwell, David},
  journal={Proceedings of the National Academy of Sciences},
  volume={112},
  number={4},
  pages={1036--1040},
  year={2015},
  publisher={National Acad Sciences}
}

@misc{weizexi,
  url={https://en.wikipedia.org/wiki/Death_of_Wei_Zexi},
}

@misc{psychographic,
  url={https://www.theguardian.com/technology/2017/jul/31/facebook-dark-ads-can-swing-opinions-politics-research-shows},
}

@inproceedings{miller2016honey,
  title={The honey badger of BFT protocols},
  author={Miller, Andrew and Xia, Yu and Croman, Kyle and Shi, Elaine and Song, Dawn},
  booktitle={Proceedings of the 2016 ACM SIGSAC Conference on Computer and Communications Security},
  pages={31--42},
  year={2016},
  organization={ACM}
}