@inproceedings{castro1999practical,
  title={Practical Byzantine fault tolerance},
  author={Castro, Miguel and Liskov, Barbara and others},
  booktitle={OSDI},
  volume={99},
  pages={173--186},
  year={1999}
}

@inproceedings{vukolic2015quest,
  title={The quest for scalable blockchain fabric: Proof-of-work vs. BFT replication},
  author={Vukoli{\'c}, Marko},
  booktitle={International Workshop on Open Problems in Network Security},
  pages={112--125},
  year={2015},
  organization={Springer}
}

@inproceedings{miller2016honey,
  title={The honey badger of BFT protocols},
  author={Miller, Andrew and Xia, Yu and Croman, Kyle and Shi, Elaine and Song, Dawn},
  booktitle={Proceedings of the 2016 ACM SIGSAC Conference on Computer and Communications Security},
  pages={31--42},
  year={2016},
  organization={ACM}
}

@inproceedings{cachin2001secure,
  title={Secure and efficient asynchronous broadcast protocols},
  author={Cachin, Christian and Kursawe, Klaus and Petzold, Frank and Shoup, Victor},
  booktitle={Annual International Cryptology Conference},
  pages={524--541},
  year={2001},
  organization={Springer}
}

@ARTICLE{skala2013hypergeometric,
   author = {{Skala}, M.},
    title = "{Hypergeometric tail inequalities: ending the insanity}",
  journal = {ArXiv e-prints},
archivePrefix = "arXiv",
   eprint = {1311.5939},
 primaryClass = "math.PR",
 keywords = {Mathematics - Probability, Statistics - Other Statistics, 60-01},
     year = 2013,
    month = nov,
   adsurl = {http://adsabs.harvard.edu/abs/2013arXiv1311.5939S},
  adsnote = {Provided by the SAO/NASA Astrophysics Data System}
}

@inproceedings{bracha1984asynchronous,
  title={An asynchronous [(n-1)/3]-resilient consensus protocol},
  author={Bracha, Gabriel},
  booktitle={Proceedings of the third annual ACM symposium on Principles of distributed computing},
  pages={154--162},
  year={1984},
  organization={ACM}
}

@misc{bitcoin,
  title={Bitcoin: A peer-to-peer electronic cash system},
  author={Nakamoto, Satoshi},
  year={2008}
}

@article{wood2014ethereum,
  title={Ethereum: A secure decentralised generalised transaction ledger},
  author={Wood, Gavin},
  journal={Ethereum Project Yellow Paper},
  volume={151},
  year={2014}
}

@online{visa,
  title={Visa Inc. at a Glance},
  url={https://usa.visa.com/dam/VCOM/download/corporate/media/visa-fact-sheet-Jun2015.pdf},
  year={2015},
  urldate = {2017-06-12}
}

@inproceedings{douceur2002sybil,
  title={The sybil attack},
  author={Douceur, John R},
  booktitle={International Workshop on Peer-to-Peer Systems},
  pages={251--260},
  year={2002},
  organization={Springer}
}

@inproceedings{yu2006sybilguard,
  title={Sybilguard: defending against sybil attacks via social networks},
  author={Yu, Haifeng and Kaminsky, Michael and Gibbons, Phillip B and Flaxman, Abraham},
  booktitle={ACM SIGCOMM Computer Communication Review},
  volume={36},
  number={4},
  pages={267--278},
  year={2006},
  organization={ACM}
}

@inproceedings{goldwasser1982probabilistic,
  title={Probabilistic encryption \& how to play mental poker keeping secret all partial information},
  author={Goldwasser, Shafi and Micali, Silvio},
  booktitle={Proceedings of the fourteenth annual ACM symposium on Theory of computing},
  pages={365--377},
  year={1982},
  organization={ACM}
}

@inproceedings{canetti2001universally,
  title={Universally composable security: A new paradigm for cryptographic protocols},
  author={Canetti, Ran},
  booktitle={Foundations of Computer Science, 2001. Proceedings. 42nd IEEE Symposium on},
  pages={136--145},
  year={2001},
  organization={IEEE}
}

@misc{implicitconsensus,
Author = {Zhijie Ren and Kelong Cong and Johan Pouwelse and Zekeriya Erkin},
Title = {Implicit Consensus: Blockchain with Unbounded Throughput},
Year = {2017},
Eprint = {arXiv:1705.11046},
}

@mastersthesis{truehalves,
  author       = {Pim Veldhuisen}, 
  title        = {Leveraging blockchains to establish cooperation},
  school       = {Delft University of Technology},
  year         = 2017,
  month        = 5,
  url          = {http://resolver.tudelft.nl/uuid:0bd2fbdf-bdde-4c6f-8a96-c42077bb2d49}
}

@online{cohen,
  author = {Justin OConnell},
  title = {BitTorrent Creator Cohen Talks Bitcoin, Blockchain},
  year = 2017,
  url = {https://www.cryptocoinsnews.com/bram-cohen-talks-bitcoin/},
  urldate = {2017-06-09}
}


@online{forbes,
  author = {Jason Bloomberg},
  title = {Eight Reasons To Be Skeptical About Blockchain},
  year = 2017,
  url = {https://www.forbes.com/sites/jasonbloomberg/2017/05/31/eight-reasons-to-be-skeptical-about-blockchain/},
  urldate = {2017-06-12}
}

@inproceedings{bellare1993random,
  title={Random oracles are practical: A paradigm for designing efficient protocols},
  author={Bellare, Mihir and Rogaway, Phillip},
  booktitle={Proceedings of the 1st ACM conference on Computer and communications security},
  pages={62--73},
  year={1993},
  organization={ACM}
}

@inproceedings{eyal2014majority,
  title={Majority is not enough: Bitcoin mining is vulnerable},
  author={Eyal, Ittay and Sirer, Emin G{\"u}n},
  booktitle={International Conference on Financial Cryptography and Data Security},
  pages={436--454},
  year={2014},
  organization={Springer}
}

@article{lamport1982byzantine,
  title={The Byzantine generals problem},
  author={Lamport, Leslie and Shostak, Robert and Pease, Marshall},
  journal={ACM Transactions on Programming Languages and Systems (TOPLAS)},
  volume={4},
  number={3},
  pages={382--401},
  year={1982},
  publisher={ACM}
}