@article{veytsmanlatex,
  title={\LaTeX\ Class for Association for Computing Machinery},
  author={Veytsman, Boris},
  year={2016},
}
